%% This BibTeX bibliography file was created using BibDesk.
%% http://bibdesk.sourceforge.net/


%% Created for Stefano Rolfo at 2021-12-25 17:33:21 +0100 


%% Saved with string encoding Unicode (UTF-8) 

@article{Idelsohn,
  author = {Idelsohn, S and Onate, E},
  date-added = {2021-12-25 17:32:31 +0100},
  date-modified = {2021-12-25 17:32:53 +0100},
  journal = {Int. J. Num. Methods Eng},
  pages = {3323--3341},
  title = {Finite element and finite volume, two good friends},
  volume = {37},
  year = {1994}}

@book{Zienkiewicz,
  author = {Zienkiewicz, Olgierd Cecil and Taylor, Robert Leroy and Nithiarasu, Perumal and Zhu, JZ},
  date-added = {2021-12-25 17:30:00 +0100},
  date-modified = {2021-12-25 17:30:26 +0100},
  publisher = {McGraw-hill London},
  title = {The finite element method},
  volume = {3},
  year = {1977}}


@article{Lauber2022,
  author = {Lauber, Marin and Weymouth, Gabriel D and Limbert, Georges},
  journal = {Journal of Computational Physics},
  pages = {111076},
  publisher = {Elsevier},
  title = {Immersed boundary simulations of flows driven by moving thin membranes},
  year = {2022}
}

@article{Weymouth2011JCP,
  author = {Weymouth, Gabriel D. and Dick K.-P. Yue},
  journal = {Journal of Computational Physics},
  month = {July},
  number = {16},
  pages = {6233-6247},
  title = {Boundary Data Immersion Method for Cartesian-Grid Simulations of Fluid-Body Interaction Problems},
  volume = {230},
  year = {2011}
}

@article{neklyudov2008equivalence,
  title={Equivalence of the Navier-Stokes equation and the infinite-dimensional Burgers equation},
  author={Neklyudov, MY},
  journal={Journal of mathematical sciences},
  volume={150},
  pages={2531--2539},
  year={2008},
  publisher={Springer}
}

@article{WEYMOUTH2022105620,
  title = {Data-driven Multi-Grid solver for accelerated pressure projection},
  journal = {Computers \& Fluids},
  volume = {246},
  pages = {105620},
  year = {2022},
  issn = {0045-7930},
  doi = {https://doi.org/10.1016/j.compfluid.2022.105620},
  url = {https://www.sciencedirect.com/science/article/pii/S0045793022002213},
  author = {Gabriel D. Weymouth},
}

@article{Margolin2006,
  journal = {Journal of Turbulence},
  timestamp = {2010.06.28},
  title = {Modeling turbulent flow with implicit {LES}},
  url = {http://www.informaworld.com/10.1080/14685240500331595},
  volume = {7},
  year = {2006},
}

@article{Rabault2019,
  doi = {10.1017/jfm.2019.62},
  url = {https://doi.org/10.1017/jfm.2019.62},
  year = {2019},
  month = feb,
  publisher = {Cambridge University Press ({CUP})},
  volume = {865},
  pages = {281--302},
  author = {Jean Rabault and Miroslav Kuchta and Atle Jensen and Ulysse R{\'{e}}glade and Nicolas Cerardi},
  title = {Artificial neural networks trained through deep reinforcement learning discover control strategies for active flow control},
  journal = {Journal of Fluid Mechanics}
}

@article{Font2021,
  doi = {10.1016/j.jcp.2021.110199},
  url = {https://doi.org/10.1016/j.jcp.2021.110199},
  year = {2021},
  month = jun,
  publisher = {Elsevier {BV}},
  volume = {434},
  pages = {110199},
  author = {Bernat Font and Gabriel D. Weymouth and Vinh-Tan Nguyen and Owen R. Tutty},
  title = {Deep learning of the spanwise-averaged Navier{\textendash}Stokes equations},
  journal = {Journal of Computational Physics}
}

@article{Kurz2022,
  doi = {10.1016/j.simpa.2022.100422},
  year = {2022},
  month = dec,
  publisher = {Elsevier {BV}},
  volume = {14},
  pages = {100422},
  author = {Marius Kurz and Philipp Offenh\"{a}user and Dominic Viola and Michael Resch and Andrea Beck},
  title = {Relexi {\textemdash} A scalable open source reinforcement learning framework for high-performance computing},
  journal = {Software Impacts}
}

@inproceedings{Romero2022,
  doi = {10.1145/3539781.3539797},
  year = {2022},
  month = jun,
  publisher = {{ACM}},
  author = {Joshua Romero and Pedro Costa and Massimiliano Fatica},
  title = {Distributed-memory simulations of turbulent flows on modern {GPU} systems using an adaptive pencil decomposition library},
  booktitle = {Proceedings of the Platform for Advanced Scientific Computing Conference}
}

@article{Bernardini2023,
  doi = {10.1016/j.cpc.2022.108644},
  year = {2023},
  month = apr,
  publisher = {Elsevier {BV}},
  volume = {285},
  pages = {108644},
  author = {Matteo Bernardini and Davide Modesti and Francesco Salvadore and Srikanth Sathyanarayana and Giacomo Della Posta and Sergio Pirozzoli},
  title = {{STREAmS}-2.0: Supersonic turbulent accelerated Navier-Stokes solver version 2.0},
  journal = {Computer Physics Communications}
}

@article{Bernardini2021,
title = {STREAmS: A high-fidelity accelerated solver for direct numerical simulation of compressible turbulent flows},
journal = {Computer Physics Communications},
volume = {263},
pages = {107906},
year = {2021},
doi = {https://doi.org/10.1016/j.cpc.2021.107906},
author = {Matteo Bernardini and Davide Modesti and Francesco Salvadore and Sergio Pirozzoli},
}

@article{Gasparino2023,
  doi = {xxx},
  year = {2023},
  publisher = {Elsevier {BV}},
  volume = {xxx},
  pages = {xxx},
  author = {Lucas Gasparino and Filippo Spiga and Oriol Lehmkuhl},
  title = {{SOD2D}: A {GPU}-enabled Spectral Finite Elements Method for compressible scale-resolving simulations},
  journal = {Computer Physics Communications}
}

@article{Bezanson2017,
  doi = {10.1137/141000671},
  url = {https://doi.org/10.1137/141000671},
  year = {2017},
  month = jan,
  publisher = {Society for Industrial {\&} Applied Mathematics ({SIAM})},
  volume = {59},
  number = {1},
  pages = {65--98},
  author = {Jeff Bezanson and Alan Edelman and Stefan Karpinski and Viral B. Shah},
  title = {Julia: A Fresh Approach to Numerical Computing},
  journal = {{SIAM} Review}
}

@misc{KernelAbstractions.jl,
  doi = {10.5281/ZENODO.7818509},
  url = {https://zenodo.org/record/7818509},
  author = {Churavy,  Valentin and {Dilum Aluthge} and Smirnov,  Anton and Samaroo,  Julian and Schloss,  James and Wilcox,  Lucas C and Byrne,  Simon and Waruszewski,  Maciej and Ramadhan,  Ali and {,  Meredith} and Schaub,  Simeon and Besard,  Tim and Constantinou,  Navid C. and Bolewski,  Jake and Ng,  Max and Arthur,  Ben and Kawczynski,  Charles and Hill,  Chris and Rackauckas,  Christopher and Cook,  James and {Jinguo Liu} and Schanen,  Michel and Schulz,  Oliver and {,  Oscar} and Haraldsson,  Páll and Arakaki,  Takafumi and Chor,  Tomas},
  title = {Julia{GPU}/{K}ernel{A}bstractions.jl: v0.9.2},
  publisher = {Zenodo},
  year = {2023},
  copyright = {Open Access}
}

@misc{JuliaHPC,
  doi = {10.48550/ARXIV.2211.02740},
  url = {https://arxiv.org/abs/2211.02740},
  author = {Churavy,  Valentin and Godoy,  William F and Bauer,  Carsten and Ranocha,  Hendrik and Schlottke-Lakemper,  Michael and R\"{a}ss,  Ludovic and Blaschke,  Johannes and Giordano,  Mosè and Schnetter,  Erik and Omlin,  Samuel and Vetter,  Jeffrey S. and Edelman,  Alan},
  keywords = {Distributed,  Parallel,  and Cluster Computing (cs.DC),  FOS: Computer and information sciences,  FOS: Computer and information sciences},
  title = {Bridging HPC Communities through the Julia Programming Language},
  publisher = {arXiv},
  year = {2022},
  copyright = {Creative Commons Attribution 4.0 International}
}